@online{ReinmannRothmeierMandl2000,
  author = {G. Reinmann-Rothmeier and H. Mandl},
  title = {Wissen},
  year = {2000},
  url = {https://www.spektrum.de/lexikon/psychologie/wissen/16892},
  urldate = {2023-12-05}
}

@online{FischerWewer2021,
  author = {C. Fischer and G. Wewer},
  title = {Wissensmanagement},
  year = {2021},
  url = {https://www.researchgate.net/publication/351932134_Wissensmanagement},
  urldate = {2023-07-19}
}

@article{NorthSchmidt2004,
  author = {K. North and A. Schmidt},
  title = {Nutzenbeurteilung von Wissensmanagement},
  journaltitle = {REFA-Nachrichten},
  volume = {5},
  publisher = {Springer},
  year = {2004},
  pages = {23-30},
  url = {http://www.north-online.de/documents/nutzenvonwm.pdf},
  urldate = {2023-11-06}
}